<record><leader>00000cas a22000007a 4500</leader><controlfield tag="001">13547900</controlfield><controlfield tag="008">860508d18uu1895iaudr ne      0    0eng d</controlfield><datafield ind1=" " ind2=" " tag="010"><subfield code="a">sn 86060063 </subfield></datafield><datafield ind1=" " ind2=" " tag="040"><subfield code="a">INP</subfield><subfield code="b">eng</subfield><subfield code="c">INP</subfield><subfield code="d">OCLCQ</subfield></datafield><datafield ind1=" " ind2=" " tag="042"><subfield code="a">msc</subfield></datafield><datafield ind1="0" ind2="4" tag="245"><subfield code="a">The Creston daily commonwealth.</subfield></datafield><datafield ind1="1" ind2="3" tag="246"><subfield code="a">Commonwealth</subfield><subfield code="f">&lt;Aug. 27-31, 1888&gt;</subfield></datafield><datafield ind1="1" ind2="3" tag="246"><subfield code="a">Daily commonwealth</subfield><subfield code="f">&lt;Aug. 26, 1889-Dec. 21, 1891&gt;</subfield></datafield><datafield ind1=" " ind2=" " tag="260"><subfield code="a">Creston, Iowa :</subfield><subfield code="b">E.J. Sidey</subfield></datafield><datafield ind1=" " ind2=" " tag="300"><subfield code="a">v. :</subfield><subfield code="b">ill.</subfield></datafield><datafield ind1=" " ind2=" " tag="310"><subfield code="a">Daily</subfield></datafield><datafield ind1="1" ind2=" " tag="362"><subfield code="a">Ceased in 1895?</subfield><subfield code="z">Cf. Bibl. of Iowa newspapers.</subfield></datafield><datafield ind1=" " ind2=" " tag="500"><subfield code="a">Editor: E.J. Sidey, &lt;Aug. 27, 1888-Aug. 30, 1889&gt;.</subfield></datafield><datafield ind1=" " ind2=" " tag="515"><subfield code="a">Numerical designation omitted from Dec. 21, 1891 issue.</subfield></datafield><datafield ind1=" " ind2=" " tag="515"><subfield code="a">Numbering begins with Vol. 1, no. 1 (Aug. 26, 1889).</subfield></datafield><datafield ind1=" " ind2=" " tag="580"><subfield code="a">Weekly ed.: Creston commonwealth (Creston, Iowa : 1888), &lt;Aug. 27, 1888-Dec. 27, 1889&gt;.</subfield></datafield><datafield ind1=" " ind2=" " tag="588"><subfield code="a">Description based on: Aug. 27, 1888.</subfield></datafield><datafield ind1=" " ind2=" " tag="752"><subfield code="a">United States</subfield><subfield code="b">Iowa</subfield><subfield code="c">Union</subfield><subfield code="d">Creston.</subfield></datafield><datafield ind1="1" ind2=" " tag="775"><subfield code="t">Creston commonwealth (Creston, Iowa : 1888)</subfield><subfield code="w">(DLC)sn 86060034</subfield><subfield code="g">&lt;Aug. 27, 1888-Dec. 27, 1889&gt;</subfield></datafield><datafield ind1="1" ind2=" " tag="029"><subfield code="a">AU@</subfield><subfield code="b">000025808153</subfield></datafield></record>